@misc{Whatisth32:online,
  author       = {},
  title        = {What is the difference between webpage, website, web server, and search engine? - Learn web development | MDN},
  howpublished = {\url{https://developer.mozilla.org/en-US/docs/Learn/Common_questions/Pages_sites_servers_and_search_engines}},
  month        = {},
  year         = {},
  note         = {(Accessed on 03/26/2022)}
}
@misc{Raspberr38:online,
  author       = {},
  title        = {Raspberry Pi 4 Model B specifications – Raspberry Pi},
  howpublished = {\url{https://www.raspberrypi.com/products/raspberry-pi-4-model-b/specifications/}},
  month        = {},
  year         = {},
  note         = {(Accessed on 03/26/2022)}
}
@misc{Generalp11:online,
  author       = {},
  title        = {General-purpose input/output - Wikipedia},
  howpublished = {\url{https://en.wikipedia.org/wiki/General-purpose_input/output}},
  month        = {},
  year         = {},
  note         = {(Accessed on 03/26/2022)}
}
@misc{Asynchro12:online,
  author       = {},
  title        = {Asynchronous serial communication - Wikipedia},
  howpublished = {\url{https://en.wikipedia.org/wiki/Asynchronous_serial_communication}},
  month        = {},
  year         = {},
  note         = {(Accessed on 03/28/2022)}
}

@inproceedings{KaziARP,
  title  = {A Review paper on \& RFID Based Attendance and Health Monitoring System over IoT},
  author = {Riyaj Kazi and Gaurav Tiwari and Prabal Pandey and Nishad Pradeep Kharote and Swati Jha}
}
@article{Bhagat2020,
  author   = {Rinku Bhagat},
  issn     = {2395-0072},
  journal  = {International Research Journal of Engineering and Technology},
  keywords = {IoT,MQTT protocol,NodeMCU,RFID},
  title    = {An MQTT based IoT-RFID Attendance System using NodeMCU Firmware: A Review},
  url      = {www.irjet.net},
  year     = {2020}
}

@report{Www2012,
  author   = {Rajan Patel and Nimisha Patel and Mona Gajjar},
  issue    = {2},
  keywords = {EPC,Ethernet,Interface,LAN,Middleware,RFID},
  title    = {International Journal of Emerging Technology and Advanced Engineering Online Students' Attendance Monitoring System in Classroom Using Radio Frequency Identification Technology: A Proposed System Framework},
  volume   = {2},
  url      = {www.ijetae.com},
  year     = {2012}
}
@article{Tt2021,
  author   = {Tamilselvi Tt and Ms G T Bharathy and Ms S Bhavanisankari and T Tamilselvi},
  doi      = {10.35629/5252-030613071313},
  issue    = {6},
  journal  = {International Journal of Advances in Engineering and Management (IJAEM)},
  keywords = {Arduino,GSM,IoT,RFID,Smart Attendance},
  pages    = {1307},
  title    = {Smart Attendance Monitoring System using IoT and RFID},
  volume   = {3},
  url      = {https://www.researchgate.net/publication/352508504},
  year     = {2021}
}

@article{soe2018implementation,
  title   = {Implementation of Fingerprint based Student Attendance System with Notification by GSM Module},
  author  = {Soe, Zin Nwe and Thanlyin, Myanmar and Win, Aye Mya and Thoung, Daw Thae Hsu},
  journal = {International Journal of Science and Engineering Applications},
  volume  = {7},
  number  = {9},
  pages   = {260--264},
  year    = {2018}
}
@book{Rachna,
  title   = {Cloud Based Smart Attendance System for Educational Institutions},
  author  = {Vikas Yadav, G.P. Bhole},
  journal = {Institute of Electrical and Electronics Engineers and Manav Rachna International Institute of Research and Studies},
  isbn    = {9781728102115}
}
@inproceedings{6266137,
  author    = {Benyó, Balázs and Sódor, Bálint and Doktor, Tibor and Fördős, Gergely},
  booktitle = {Wireless Telecommunications Symposium 2012},
  title     = {Student attendance monitoring at the university using NFC},
  year      = {2012},
  volume    = {},
  number    = {},
  pages     = {1-5},
  doi       = {10.1109/WTS.2012.6266137}
}

@misc{Cloudcom53:online,
  author       = {},
  title        = {Cloud computing - Wikipedia},
  howpublished = {\url{https://en.wikipedia.org/wiki/Cloud_computing}},
  month        = {},
  year         = {},
  note         = {(Accessed on 04/05/2022)}
}

@misc{National40:online,
  author       = {},
  title        = {National Institute of Standards and Technology | NIST},
  howpublished = {\url{https://www.nist.gov/}},
  month        = {},
  year         = {},
  note         = {(Accessed on 04/05/2022)}
}

@misc{Arduinov52:online,
  author       = {},
  title        = {Arduino vs Raspberry Pi: What’s The Difference? - InterviewBit},
  howpublished = {\url{https://www.interviewbit.com/blog/arduino-vs-raspberry-pi/}},
  month        = {},
  year         = {},
  note         = {(Accessed on 04/05/2022)}
}
@misc{HTTPresp7:online,
  author       = {},
  title        = {HTTP response status codes - HTTP | MDN},
  howpublished = {\url{https://developer.mozilla.org/en-US/docs/Web/HTTP/Status}},
  month        = {},
  year         = {},
  note         = {(Accessed on 04/06/2022)}
}